@book{Zolzer:2011,
 author = {Zolzer, Udo},
 title = {DAFX: Digital Audio Effects},
 year = {2011},
 isbn = {0470665998, 9780470665992},
 edition = {2nd},
 publisher = {Wiley Publishing},
} 
